@book{ghr95,
  author = {Raymond Greenlaw and H. James Hoover and Walter L. Ruzzo},
  title = {{Limits to Parallel Computation: P-completeness Theory}},
  year = {1995},
  publisher = {Oxford University Press},
  location = {New York}
}

@techreport{lsz77,
  author = {Richard Lipton and Lawrence Snyder and Y. Zalcstein},
  title = {{The Complexity of Word and Isomorphism Problems for Finite Groups}},
  institution = {Yale University},
  month = {March},
  year = {1977}
}

@incollection{at06,
  author = {Arvind, V. and Tor\'{a}n, Jacobo},
  affiliation = {The Institute of Mathematical Sciences, Chennai, 600113 India},
  title = {{The Complexity of Quasigroup Isomorphism and the Minimum Generating Set Problem}},
  booktitle = {Algorithms and Computation},
  series = {Lecture Notes in Computer Science},
  editor = {Asano, Tetsuo},
  publisher = {Springer Berlin / Heidelberg},
  isbn = {978-3-540-49694-6},
  keyword = {Computer Science},
  pages = {233--242},
  volume = 4288,
  %url = {http://dx.doi.org/10.1007/11940128_25},
  doi = {10.1007/11940128_25},
  year = 2006
}

@article{cc97,
  author = {Cai, L. and Chen, J.},
  title = {{On the Amount of Nondeterminism and the Power of Verifying}},
  journaltitle = {SIAM Journal on Computing},
  volume = {26},
  number = {3},
  pages = {733--750},
  year = {1997},
  doi = {10.1137/S0097539793258295},
  %url = {http://epubs.siam.org/doi/abs/10.1137/S0097539793258295},
  eprint = {http://epubs.siam.org/doi/pdf/10.1137/S0097539793258295}
}

@article{bklm01,
  title = {{On the Complexity of Some Problems on Groups Input as Multiplication Tables}},
  journaltitle = {Journal of Computer and System Sciences},
  volume = 63,
  number = 2,
  pages = {186--200},
  year = 2001,
  issn = {0022-0000},
  doi = {10.1006/jcss.2001.1764},
  %url = {http://www.sciencedirect.com/science/article/pii/S0022000001917647},
  author = {David Mix Barrington and Peter Kadau and Klaus-J\"{o}rn Lange and Pierre McKenzie}
}

@incollection{bm89,
  author = {Barrington, David and McKenzie, Pierre},
  affiliation = {University of Massachusetts Dept. of Computer and Information Science 01003 Amherst Massachusetts USA 01003 Amherst Massachusetts USA},
  booktitle = {Mathematical Foundations of Computer Science 1989},
  editor = {Kreczmar, Antoni and Mirkowska, Grazyna},
  isbn = {978-3-540-51486-2},
  keyword = {Computer Science},
  pages = {370--379},
  publisher = {Springer Berlin / Heidelberg},
  series = {Lecture Notes in Computer Science},
  title = {Oracle branching programs and Logspace versus P},
  %url = {http://dx.doi.org/10.1007/3-540-51486-4_84},
  doi = {10.1007/3-540-51486-4_84},
  volume = {379},
  year = {1989}
}

@article{reingold08,
  author = {Reingold, Omer},
  title = {Undirected connectivity in log-space},
  journaltitle = {J. ACM},
  issue_date = {September 2008},
  volume = {55},
  number = {4},
  month = sep,
  year = {2008},
  issn = {0004-5411},
  pages = {17:1--17:24},
  articleno = {17},
  numpages = {24},
  %url = {http://doi.acm.org/10.1145/1391289.1391291},
  doi = {10.1145/1391289.1391291},
  acmid = {1391291},
  publisher = {ACM},
  location = {New York, NY, USA},
  keywords = {Derandomization, bounded space algorithms, pseudorandom generator},
}

@incollection{llmp93,
  author = {Lenstra, A. and Lenstra, H. and Manasse, M. and Pollard, J.},
  affiliation = {Room MRE-2Q334, Bellcore, 445 South Street 07960 Morristown NJ U. S. A. Room MRE-2Q334, Bellcore, 445 South Street 07960 Morristown NJ U. S. A.},
  title = {The number field sieve},
  booktitle = {The development of the number field sieve},
  series = {Lecture Notes in Mathematics},
  editor = {Lenstra, Arjen and Lenstra, Hendrik},
  publisher = {Springer Berlin / Heidelberg},
  isbn = {978-3-540-57013-4},
  keyword = {Mathematics and Statistics},
  pages = {11-42},
  volume = {1554},
  %url = {http://dx.doi.org/10.1007/BFb0091537},
  doi = {10.1007/BFb0091537},
  note = {10.1007/BFb0091537},
  year = {1993}
}

@article{py96,
  title = {{On Limited Nondeterminism and the Complexity of the V-C Dimension}},
  journaltitle = "Journal of Computer and System Sciences",
  volume = 53,
  number = 2,
  pages = {161--170},
  year = 1996,
  issn = "0022-0000",
  doi = "10.1006/jcss.1996.0058",
  %url = "http://www.sciencedirect.com/science/article/pii/S0022000096900586",
  author = "Christos H. Papadimitriou and Mihalis Yannakakis"
}

@article{wolf94,
  title = {Nondeterministic circuits, space complexity and quasigroups},
  author = {Marty J. Wolf},
  journaltitle = {Theoretical Computer Science},
  volume = {125},
  year = {1994},
  pages = {295--313}
}

@phdthesis{wagner10,
  author = {Fabian Wagner},
  title = {On the complexity of isomorphism testing for restricted classes of graphs},
  school = {University of Ulm},
  year = {2010}
}

@techreport{ctw10,
  title={{Graph isomorphism is not $\AC^0$ reducible to group isomorphism}},
  institution = {Electronic Colloquium on Computational Complexity},
  author={Chattopadhyay, A. and Tor{\'a}n, J. and Wagner, F.},
  year={2010}
}

@article{ctw13,
 author = {Chattopadhyay, Arkadev and Tor\'{a}n, Jacobo and Wagner, Fabian},
 title = {Graph Isomorphism is Not $\AC^0$-Reducible to Group Isomorphism},
 journaltitle = {ACM Transactions on Computation Theory},
 issue_date = {November 2013},
 volume = 5,
 number = 4,
 month = nov,
 year = 2013,
 issn = {1942-3454},
 pages = {13:1--13:13},
 articleno = 13,
 numpages = 13,
 %url = {http://doi.acm.org/10.1145/2540088},
 doi = {10.1145/2540088},
 acmid = 2540088,
 publisher = {ACM},
 location = {New York, NY, USA},
 keywords = {Complexity, algorithms, isomorphism problems, limited nondeterminism}
}

@article{aks04,
  title = {{PRIMES is in P}},
  author = {Agrawal, M. and Kayal, N. and Saxena, N.},
  journaltitle = {Annals of Mathematics},
  pages = {781--793},
  year = {2004},
  doi = {10.4007/annals.2004.160.781}
}

@article{am84,
  author    = {J{\"u}rgen Avenhaus and
               Klaus Madlener},
  title     = {The Nielsen Reduction and P-Complete Problems in Free Groups},
  journal   = {Theoretical Computer Science},
  volume    = 32,
  year      = 1984,
  pages     = {61--76},
  doi       = {10.1016/0304-3975(84)90024-0},
  %%ee        = {http://dx.doi.org/10.1016/0304-3975(84)90024-0},
  %%bibsource = {DBLP, http://dblp.uni-trier.de}
}

@book{savage98,
  author = {John E. Savage},
  title = {Models of Computation: Exploring the Power of Computing},
  year = {1998},
  publisher = {Addison-Wesley}
}

@article{gray14,
  year = 2014,
  issn = {0037-1912},
  journal = {Semigroup Forum},
  volume = 89,
  number = 1,
  doi = {10.1007/s00233-013-9521-8},
  title = {The minimal number of generators of a finite semigroup},
  publisher = {Springer US},
  keywords = {Generating sets; Finite semigroups; Rank; Grahamâ€“Houghton graphs},
  author = {Gray, Robert D.},
  pages = {135--154},
}

@article{jl76,
  title = "Complete problems for deterministic polynomial time",
  journal = "Theoretical Computer Science",
  volume = 3,
  number = 1,
  pages = {105--117},
  year = 1976,
  issn = "0304-3975",
  doi = "10.1016/0304-3975(76)90068-2",
  author = "Neil D. Jones and William T. Laaser"
}

@article{jll76,
  title = {New Problems Complete for Nondeterministic Log Space},
  author = {Jones, Neil D. and Lien, Y. Edmund and Laaser, William T.},
  journal = {Mathematical Systems Theory},
  volume = 10,
  number = 1,
  pages = {1--17},
  year = 1976,
  publisher = {Springer}
}

@inproceedings{gottlob13,
  title = {Deciding Monotone Duality and Identifying Frequent Itemsets in Quadratic Logspace},
  author = {Gottlob, Georg},
  booktitle = {Proceedings of the 32nd Symposium on Principles of Database Systems},
  pages = {25--36},
  year = 2013,
  organization = {ACM}
}
