@book{ghr95,
  author = {Raymond Greenlaw and H. James Hoover and Walter L. Ruzzo},
  title = {{Limits to Parallel Computation: P-completeness Theory}},
  year = {1995},
  publisher = {Oxford University Press},
  address = {New York}
}

@techreport{lsz77,
  author = {Richard Lipton and Lawrence Snyder and Y. Zalcstein},
  title = {{The Complexity of Word and Isomorphism Problems for Finite Groups}},
  institution = {Yale University},
  month = {March},
  year = {1977}
}

@incollection{at06,
  author = {Arvind, V. and Tor\'{a}n, Jacobo},
  affiliation = {The Institute of Mathematical Sciences, Chennai, 600113 India},
  title = {{The Complexity of Quasigroup Isomorphism and the Minimum Generating Set Problem}},
  booktitle = {Algorithms and Computation},
  series = {Lecture Notes in Computer Science},
  editor = {Asano, Tetsuo},
  publisher = {Springer Berlin / Heidelberg},
  isbn = {978-3-540-49694-6},
  keyword = {Computer Science},
  pages = {233--242},
  volume = 4288,
  url = {http://dx.doi.org/10.1007/11940128_25},
  doi = {10.1007/11940128_25},
  year = 2006
}
